@misc{placeholder,
  title={placeholder},
  author={placeholder},
  year={placeholder},
  month={placeholder}
}
