@misc{michalak_lind_round1,
  title={Virtual Reality Heuristics},
  author={Michalak, Susan and Lind, Elise},
  year={2016},
  month={Sep}
}

@misc{michalak_lind_round2,
  title={Virtual Reality Heuristics},
  author={Michalak, Susan and Lind, Elise},
  year={2016},
  month={Oct}
}

@misc{htc_vive_ready,
  title={VIVE READY Computers},
  author={HTC Corporation},
  year={2016}
}
