@misc{michalak_lind_round1,
	title={Virtual Reality Heuristics, Results from User Testing for Prioritization and Development},
	author={Michalak, Susan and Lind, Elise},
	year={2016},
	month={Sep}
}

@misc{unity_animation,
	title={Unity Animation},
	author={Unity Technologies},
	year={2016},
	url={https://docs.unity3d.com/Manual/AnimationSection.html}
}

@misc{unity_physics_joints,
	title={Physics Joints},
	author={Unity Technologies},
	year={2013},
	url={https://unity3d.com/learn/tutorials/topics/physics/physics-joints}
}

@misc{unity_controller_interaction,
	title={Interaction in VR},
	author={Unity Technologies},
	year={2016},
	url={https://unity3d.com/learn/tutorials/topics/virtual-reality/interaction-vr?playlist=22946}
}
